%%%%%%%%%%%%%%%%%%
%%%  VideoHotSpots %%%
%%%%%%%%%%%%%%%%%%

@INPROCEEDINGS{Rizzo2012b,
	author    = {Rizzo, Giuseppe  and  Troncy, Raphael},
	title     = {{NERD: A Framework for Unifying Named Entity Recognition and Disambiguation Extraction Tools}},
	booktitle = {13$^{th}$ Conference of the European Chapter for Computational Linguistics (EACL'12)},
	year      = {2012},
  	address   = {Avignon, France},
}



@inproceedings{yunjia2013,
  author =      {{L}i, {Y}unjia and  {R}izzo, {G}iuseppe and  {R}edondo {G}arcia, {J}os{\'e} {L}uis and  {T}roncy, {R}apha{\"e}l},
  title =       {{E}nriching media fragments with named entities for video classification},
  booktitle =   {1$^{st}$ Worldwide Web Workshop on Linked Media (LiME'13)},
  address =     {Rio de Janeiro, Brazil},
  year =        {2013},
}

@inproceedings{winkler2006overview,
  author={Winkler, William E},
  title={Overview of record linkage and current research directions},
  booktitle={Bureau of the Census},
  year={2006},
}

@article{ballan2011event,
  author    = {Ballan, Lamberto and Bertini, Marco and Del Bimbo, Alberto and Seidenari, Lorenzo and Serra, Giuseppe},
  title     = {Event detection and recognition for semantic annotation of video},
  journal   = {Multimedia Tools and Applications},
  volume    = {51},
  number    = {1},
  pages     = {279--302},
  year      = {2011},
}

@inproceedings{katsiouli2007,
  author    = {Katsiouli, Polyxeni and Tsetsos, Vassileios and Hadjiefthymiades, Stathes},
  title     = {Semantic video classification based on subtitles and domain terminologies},
  booktitle = {1$^{st}$ International Workshop on Knowledge Acquisition from Multimedia Content (KAMC'07)},
  year      = {2007}
}

@inproceedings{DowmanEtAl05c,
  author = {Dowman, M. and Tablan, V. and Cunningham, H. and Ursu, C. and Popov, B.},
  booktitle = {Second European Semantic Web Conference (ESWC'2005)},
  title = {Semantically Enhanced Television News through Web and Video Integration},
  year = 2005
}

@INPROCEEDINGS{LiJia2007,
  author    = {Li-Jia Li and Li Fei-Fei},
  title     = {What, where and who? Classifying events by scene and object recognition},
  booktitle = {IEEE 11$^{th}$ International Conference on Computer Vision (ICCV'07)},
  year      = {2007},
  pages     = {1-8},
}

@inproceedings{Yu2006,
 author = {Yu, Hongliang and Zheng, Dongdong and Zhao, Ben Y. and Zheng, Weimin},
 title = {Understanding User Behavior in Large-scale Video-on-demand Systems},
 booktitle = {In 1st ACM SIGOPS/EuroSys European Conference on Computer Systems},
 year = {2006},
 location = {Leuven, Belgium},
 pages = {333--344},
}

@article{snoek2005multimodal,
  title={Multimodal video indexing: A review of the state-of-the-art},
  author={Snoek, Cees GM and Worring, Marcel},
  journal={Multimedia tools and applications},
  volume={25},
  number={1},
  pages={5--35},
  year={2005},
  publisher={Springer}
}

@incollection{zha2012text,
  title={Text Mining in Multimedia},
  author={Zha, Zheng-Jun and Wang, Meng and Shen, Jialie and Chua, Tat-Seng},
  booktitle={Mining Text Data},
  pages={361--384},
  year={2012},
  publisher={Springer}
}

@inproceedings{de2013ghent,
  title={Ghent University-iMinds at MediaEval 2013: An Unsupervised Named Entity-based Similarity Measure for Search and Hyperlinking.},
  author={De Nies, Tom and De Neve, Wesley and Mannens, Erik and Van de Walle, Rik},
  booktitle={MediaEval},
  year={2013}
}

@inproceedings{chang2005combining,
  title={Combining text and audio-visual features in video indexing},
  author={Chang, Shih-Fu and Manmatha, R and Chua, T-S},
  booktitle={In IEEE International Conference on Acoustics, Speech, and Signal Processing (ICASSP'05)},
  year={2005},
}

@article{sidiropoulos2011temporal,
  title={Temporal video segmentation to scenes using high-level audiovisual features},
  author={Sidiropoulos, Panagiotis and Mezaris, Vasileios and Kompatsiaris, Ioannis and Meinedo, Hugo and Bugalho, Miguel and Trancoso, Isabel},
  journal={IEEE Transactions on Circuits and Systems for Video Technology},
  volume={21},
  number={8},
  pages={1163--1177},
  year={2011},
}
